% incl/bib/articles.bib : referencer til artikler
% ------------------------------------------------------------------------------
@article{powerseriesDiff,
author={Jim Lambers},
year={2010},
title={Differentiation and Integration of Power Series},
pages={1-2},
}

@article{horiaPowerSerieNoter,
author={Horia D. Cornean},
year={2013},
title={Power series are analytic},
pages={1},
}