% books.bib : referencer til lærebøger
% ------------------------------------------------------------------------------

@book{sheldon2015linear,
  author={Sheldon Axler, Sheldon Axler},
  title={Linear algebra done right},
  ISBN={9783319110790},
  year={2015},
  publisher={Springer}
}

@book{Analyse,
title={Funktioner af en og flere variable},
Author={Ebbe Thue Poulsen},
ISBN={2900000231672},
Year={2016}
}

@book{sandsynlighedsBog,
    title={Probability, Statistics and Stochasitc Processes},
    Author={Peter Olofsson, Mikael Andersson},
    Year={2012}
}

@book{grimsandsynlighedsBog,
    title={Probability and Random Processes},
    Author={Geoffrey Grimmett, David Stirzaker},
    Year={2001}
}
